<?xml version = "1.0" encoding = "UTF-8"?><OAI-PMH xmlns="http://www.openarchives.org/OAI/2.0/" xmlns:xsi="http://www.w3.org/2001/XMLSchema-instance" xsi:schemaLocation="http://www.openarchives.org/OAI/2.0/ http://www.openarchives.org/OAI/2.0/OAI-PMH.xsd"><ListRecords><record><header><identifier>aleph-publish:018895832</identifier></header><metadata><record xmlns="http://www.ddb.de/professionell/mabxml/mabxml-1.xsd"><leader>00000nM2.01200024------h</leader><controlfield tag="LDR">00000nM2.01200024------h</controlfield><controlfield tag="FMT">MH</controlfield><datafield tag="001" ind1="-" ind2="1"><subfield code="a">HT016995468</subfield></datafield><datafield tag="002" ind1="a" ind2="1"><subfield code="a">20111010</subfield></datafield><datafield tag="003" ind1="-" ind2="1"><subfield code="a">20221101155700.0</subfield></datafield><datafield tag="020" ind1="a" ind2="1"><subfield code="a">2631594-4</subfield><subfield code="b">DNB</subfield></datafield><datafield tag="025" ind1="z" ind2="1"><subfield code="a">2631594-4</subfield></datafield><datafield tag="025" ind1="a" ind2="1"><subfield code="a">1015928633</subfield></datafield><datafield tag="025" ind1="o" ind2="1"><subfield code="a">1073477174</subfield></datafield><datafield tag="026" ind1="-" ind2="1"><subfield code="a">ZDB2631594-4</subfield></datafield><controlfield tag="030">a||u|||||||27</controlfield><datafield tag="036" ind1="a" ind2="1"><subfield code="a">XA-DE</subfield></datafield><datafield tag="037" ind1="b" ind2="1"><subfield code="a">ger</subfield></datafield><controlfield tag="050">||||||||g|||||</controlfield><controlfield tag="052">p||||||a|||||||</controlfield><datafield tag="060" ind1="-" ind2="1"><subfield code="b">txt</subfield><subfield code="a">Text</subfield></datafield><datafield tag="061" ind1="-" ind2="1"><subfield code="b">c</subfield><subfield code="a">Computermedien</subfield></datafield><datafield tag="062" ind1="-" ind2="1"><subfield code="b">cr</subfield><subfield code="a">Online-Ressource</subfield></datafield><datafield tag="064" ind1="a" ind2="1"><subfield code="a">Zeitschrift</subfield><subfield code="9">(DE-588)4067488-5</subfield></datafield><datafield tag="064" ind1="a" ind2="1"><subfield code="a">Bericht</subfield><subfield code="9">(DE-588)4128022-2</subfield></datafield><datafield tag="070" ind1="-" ind2="1"><subfield code="a">0006</subfield></datafield><datafield tag="070" ind1="a" ind2="1"><subfield code="a">DNB</subfield></datafield><datafield tag="070" ind1="b" ind2="1"><subfield code="a">9001</subfield></datafield><datafield tag="078" ind1="n" ind2="1"><subfield code="a">NWBib-6</subfield></datafield><datafield tag="078" ind1="z" ind2="1"><subfield code="a">lzZDB</subfield></datafield><datafield tag="078" ind1="r" ind2="1"><subfield code="a">epfl-6</subfield></datafield><datafield tag="200" ind1="-" ind2="1"><subfield code="g">Hagen</subfield><subfield code="9">(DE-588)4022917-8</subfield></datafield><datafield tag="201" ind1="-" ind2="1"><subfield code="g">Hagen, Stadt der FernUniversität</subfield></datafield><datafield tag="201" ind1="-" ind2="1"><subfield code="g">Hagen</subfield><subfield code="h">Westfalen</subfield></datafield><datafield tag="201" ind1="-" ind2="1"><subfield code="g">Hagen/Westfalen</subfield></datafield><datafield tag="201" ind1="-" ind2="1"><subfield code="g">Stadt Hagen</subfield></datafield><datafield tag="201" ind1="-" ind2="1"><subfield code="g">Hagen i.W.</subfield></datafield><datafield tag="331" ind1="-" ind2="1"><subfield code="a">Beteiligungsbericht</subfield></datafield><datafield tag="333" ind1="-" ind2="1"><subfield code="a">Stadt Hagen</subfield></datafield><datafield tag="359" ind1="-" ind2="1"><subfield code="a">Hrsg.: Stadt Hagen, Der Oberbürgermeister</subfield></datafield><datafield tag="375" ind1="e" ind2="1"><subfield code="a">Beteiligungsbericht ... der Stadt Hagen</subfield><subfield code="f">Hauptsacht. bis 2009</subfield></datafield><datafield tag="405" ind1="-" ind2="1"><subfield code="a">Nachgewiesen 2007(2009) - 2008(2010); 2009(2010); 2010(2012) -</subfield></datafield><datafield tag="406" ind1="a" ind2="1"><subfield code="j">2007</subfield><subfield code="k">2008</subfield></datafield><datafield tag="406" ind1="b" ind2="1"><subfield code="j">2009</subfield></datafield><datafield tag="419" ind1="-" ind2="1"><subfield code="a">Hagen</subfield><subfield code="c">2009-</subfield><subfield code="A">3</subfield></datafield><datafield tag="425" ind1="b" ind2="1"><subfield code="a">2009</subfield></datafield><datafield tag="433" ind1="-" ind2="1"><subfield code="a">Online-Ressource</subfield></datafield><datafield tag="552" ind1="b" ind2="1"><subfield code="a">urn:nbn:de:hbz:6:2-8709</subfield></datafield><datafield tag="655" ind1="e" ind2="1"><subfield code="u">https://nbn-resolving.org/urn:nbn:de:hbz:6:2-8709</subfield><subfield code="x">Resolving-System</subfield><subfield code="A">0</subfield></datafield><datafield tag="655" ind1="e" ind2="1"><subfield code="u">http://www.hagen.de/web/de/webseiten/fbob/fbob_03/FBOB-03.html?themeName=sap_tradeshow&amp;themePath=/irj/portalapps/com.sap.portal.design.portaldesigndata/themes/portal&amp;browserMapping=ie6&amp;cmcall=true&amp;</subfield><subfield code="x">Verlag</subfield><subfield code="z">kostenfrei</subfield><subfield code="A">0</subfield></datafield><datafield tag="700" ind1="-" ind2="1"><subfield code="a">330</subfield><subfield code="2">ZDB</subfield></datafield><datafield tag="700" ind1="-" ind2="1"><subfield code="a">650</subfield><subfield code="2">ZDB</subfield></datafield><datafield tag="700" ind1="-" ind2="1"><subfield code="a">310</subfield><subfield code="2">ZDB</subfield></datafield><datafield tag="700" ind1="n" ind2="1"><subfield code="a">Hagen</subfield><subfield code="0">https://nwbib.de/spatial#Q257474</subfield></datafield><datafield tag="700" ind1="n" ind2="1"><subfield code="a">Öffentliche Unternehmen</subfield><subfield code="0">https://nwbib.de/subjects#N548300</subfield></datafield><datafield tag="902" ind1="-" ind2="1"><subfield code="g">Hagen</subfield><subfield code="9">(DE-588)4022917-8</subfield></datafield><datafield tag="902" ind1="-" ind2="1"><subfield code="s">Unternehmensbeteiligung</subfield><subfield code="9">(DE-588)4140723-4</subfield></datafield><datafield tag="902" ind1="-" ind2="1"><subfield code="f">Bericht</subfield></datafield><datafield tag="902" ind1="-" ind2="1"><subfield code="f">Online-Publikation</subfield></datafield><datafield tag="904" ind1="a" ind2="1"><subfield code="a">DE-6</subfield><subfield code="a">DE-605</subfield></datafield><controlfield tag="SYS">018895832</controlfield><datafield tag="LOW" ind1="-" ind2="1"><subfield code="a">K0</subfield></datafield><datafield tag="LOW" ind1="-" ind2="1"><subfield code="a">A5</subfield></datafield><datafield tag="LOW" ind1="-" ind2="1"><subfield code="a">B5</subfield></datafield><datafield tag="LOW" ind1="-" ind2="1"><subfield code="a">C5</subfield></datafield><datafield tag="LOW" ind1="-" ind2="1"><subfield code="a">D0</subfield></datafield><datafield tag="LOW" ind1="-" ind2="1"><subfield code="a">E0</subfield></datafield><datafield tag="LOW" ind1="-" ind2="1"><subfield code="a">F0</subfield></datafield><datafield tag="LOW" ind1="-" ind2="1"><subfield code="a">G5</subfield></datafield><datafield tag="LOW" ind1="-" ind2="1"><subfield code="a">H7</subfield></datafield><datafield tag="LOW" ind1="-" ind2="1"><subfield code="a">K7</subfield></datafield><datafield tag="LOW" ind1="-" ind2="1"><subfield code="a">KD</subfield></datafield><datafield tag="LOW" ind1="-" ind2="1"><subfield code="a">KH</subfield></datafield><datafield tag="LOW" ind1="-" ind2="1"><subfield code="a">KM</subfield></datafield><datafield tag="LOW" ind1="-" ind2="1"><subfield code="a">L0</subfield></datafield><datafield tag="LOW" ind1="-" ind2="1"><subfield code="a">L5</subfield></datafield><datafield tag="LOW" ind1="-" ind2="1"><subfield code="a">M0</subfield></datafield><datafield tag="LOW" ind1="-" ind2="1"><subfield code="a">N5</subfield></datafield><datafield tag="LOW" ind1="-" ind2="1"><subfield code="a">P0001</subfield></datafield><datafield tag="LOW" ind1="-" ind2="1"><subfield code="a">R0</subfield></datafield><datafield tag="LOW" ind1="-" ind2="1"><subfield code="a">R1</subfield></datafield><datafield tag="LOW" ind1="-" ind2="1"><subfield code="a">R2</subfield></datafield><datafield tag="LOW" ind1="-" ind2="1"><subfield code="a">R3</subfield></datafield><datafield tag="LOW" ind1="-" ind2="1"><subfield code="a">RL</subfield></datafield><datafield tag="LOW" ind1="-" ind2="1"><subfield code="a">T0011</subfield></datafield><datafield tag="LOW" ind1="-" ind2="1"><subfield code="a">V0</subfield></datafield><datafield tag="LOW" ind1="-" ind2="1"><subfield code="a">X0</subfield></datafield><datafield tag="LOW" ind1="-" ind2="1"><subfield code="a">X5</subfield></datafield><datafield tag="LOW" ind1="-" ind2="1"><subfield code="a">X7</subfield></datafield><datafield tag="LOW" ind1="-" ind2="1"><subfield code="a">M0001</subfield></datafield><datafield tag="GKZ" ind1="-" ind2="1"><subfield code="a">KF</subfield></datafield><datafield tag="GKZ" ind1="-" ind2="1"><subfield code="a">KF</subfield></datafield><datafield tag="952" ind1="-" ind2="1"><subfield code="g">Hagen, Stadt der FernUniversität</subfield></datafield><datafield tag="952" ind1="-" ind2="1"><subfield code="g">Hagen</subfield><subfield code="h">Westfalen</subfield></datafield><datafield tag="952" ind1="-" ind2="1"><subfield code="g">Hagen/Westfalen</subfield></datafield><datafield tag="952" ind1="-" ind2="1"><subfield code="g">Stadt Hagen</subfield></datafield><datafield tag="952" ind1="-" ind2="1"><subfield code="g">Hagen i.W.</subfield></datafield><datafield tag="952" ind1="-" ind2="1"><subfield code="s">Gesellschaftsbeteiligung</subfield></datafield><datafield tag="952" ind1="-" ind2="1"><subfield code="s">Beteiligung</subfield><subfield code="x">Unternehmen</subfield></datafield><datafield tag="LOW" ind1="-" ind2="1"><subfield code="a">A5001</subfield></datafield><datafield tag="LOW" ind1="-" ind2="1"><subfield code="a">N5001</subfield></datafield><datafield tag="LOW" ind1="-" ind2="1"><subfield code="a">L5001</subfield></datafield><datafield tag="088" ind1=" " ind2=" "><subfield code="a">6</subfield><subfield code="d">2007(2009) - 2008(2010); 2009(2010); 2010(2011); 2011; 2012(2014) -</subfield></datafield><datafield tag="088" ind1=" " ind2=" "><subfield code="a">466</subfield></datafield><datafield tag="088" ind1=" " ind2=" "><subfield code="a">385</subfield></datafield><datafield tag="088" ind1=" " ind2=" "><subfield code="a">A 96</subfield></datafield><datafield tag="088" ind1=" " ind2=" "><subfield code="a">829</subfield></datafield><datafield tag="088" ind1=" " ind2=" "><subfield code="a">743</subfield></datafield><datafield tag="200" ind1=" " ind2="9"><subfield code="0">1</subfield><subfield code="b">2007(2009) - 2008(2010); 2009(2010); 2010(2011); 2011; 2012(2014) -</subfield><subfield code="2">M0001</subfield></datafield><datafield tag="652" ind1="a" ind2="9"><subfield code="a">Online-Ressource</subfield><subfield code="2">M0001</subfield></datafield><datafield tag="655" ind1="e" ind2="9"><subfield code="u">http://nbn-resolving.de/urn:nbn:de:hbz:6:2-8709</subfield><subfield code="2">M0001</subfield></datafield></record></metadata></record></ListRecords></OAI-PMH>